<?xml version="1.0" encoding="UTF-8"?><collection xmlns="http://www.loc.gov/MARC21/slim"><record><leader>00290nam--2200109-i-4500</leader><controlfield tag="001">000014325</controlfield><controlfield tag="002">20161230</controlfield><controlfield tag="005">20161230201030</controlfield><controlfield tag="008">060222s1000------------r-----000-0-eng-d</controlfield><datafield ind1=" " ind2=" " tag="245"><subfield code="a">Bibliography on termoluminescence and its applications (1976-1980)</subfield></datafield><datafield ind1=" " ind2=" " tag="700"><subfield code="a">Balaraman, K./S.A.</subfield></datafield><datafield ind1=" " ind2=" " tag="852"><subfield code="a">D.1399</subfield></datafield></record></collection>